@article{boucheron2005theory,
  title={Theory of classification: A survey of some recent advances},
  author={Boucheron, St{\'e}phane and Bousquet, Olivier and Lugosi, G{\'a}bor},
  journal={ESAIM: probability and statistics},
  volume={9},
  pages={323--375},
  year={2005},
  publisher={Cambridge Univ Press}
}

@article{bartlett2005local,
  title={Local rademacher complexities},
  author={Bartlett, Peter L and Bousquet, Olivier and Mendelson, Shahar},
  journal={Annals of Statistics},
  pages={1497--1537},
  year={2005},
  publisher={JSTOR}
}

@book{bertsekas1996Opt,
  author = {Bertsekas, Dimitri P.},
  edition = 1,
  isbn = {1886529043},
  publisher = {Athena Scientific},
  timestamp = {2009-08-26T14:47:04.000+0200},
  title = {Constrained Optimization and Lagrange Multiplier Methods (Optimization and Neural Computation Series)},
  year = 1996
}

@article{MeschederNG17a,
  author    = {Lars M. Mescheder and
               Sebastian Nowozin and
               Andreas Geiger},
  title     = {The Numerics of GANs},
  journal   = {CoRR},
  volume    = {abs/1705.10461},
  year      = {2017},
  url       = {http://arxiv.org/abs/1705.10461},
  archivePrefix = {arXiv},
  eprint    = {1705.10461},
  timestamp = {Mon, 12 Jun 2017 13:32:14 +0200},
  biburl    = {https://dblp.org/rec/bib/journals/corr/MeschederNG17a},
  bibsource = {dblp computer science bibliography, https://dblp.org}
}

@book{Bertsekas/99,
  added-at = {2008-10-07T16:03:39.000+0200},
  author = {Bertsekas, D.P.},
  biburl = {https://www.bibsonomy.org/bibtex/2e0a5e65ff1109bdeaa6cfc2a2481e28a/brefeld},
  interhash = {707445f7e287b760fbc42a68a902abca},
  intrahash = {e0a5e65ff1109bdeaa6cfc2a2481e28a},
  keywords = {imported},
  publisher = {Athena Scientific},
  timestamp = {2008-10-07T16:03:40.000+0200},
  title = {Nonlinear Programming},
  year = 1999
}

@article{Gidel18NegMom,
  author    = {Gauthier Gidel and
               Reyhane Askari Hemmat and
               Mohammad Pezeshki and
               Gabriel Huang and
               R{\'{e}}mi Le Priol and
               Simon Lacoste{-}Julien and
               Ioannis Mitliagkas},
  title     = {Negative Momentum for Improved Game Dynamics},
  journal   = {CoRR},
  volume    = {abs/1807.04740},
  year      = {2018},
  url       = {http://arxiv.org/abs/1807.04740},
  archivePrefix = {arXiv},
  eprint    = {1807.04740},
  timestamp = {Mon, 13 Aug 2018 16:46:09 +0200},
  biburl    = {https://dblp.org/rec/bib/journals/corr/abs-1807-04740},
  bibsource = {dblp computer science bibliography, https://dblp.org}
}

@article{POLYAK19641,
title = "Some methods of speeding up the convergence of iteration methods",
journal = "USSR Computational Mathematics and Mathematical Physics",
volume = "4",
number = "5",
pages = "1 - 17",
year = "1964",
issn = "0041-5553",
doi = "https://doi.org/10.1016/0041-5553(64)90137-5",
url = "http://www.sciencedirect.com/science/article/pii/0041555364901375",
author = "B.T. Polyak"
}
