@article{Minskyetal1969,
  title={Perceptrons: an introduction to computational geometry},
  author={Marvin Minsky and Seymour Papert},
  year={1969}
}
@inproceedings{abhyankar1997hilbert,
  title={Hilbertâ€™s thirteenth problem},
  author={ABHYANKAR, Shreeram S},
  booktitle={Proc. of the Franco-Belgian Conference in Reims, Soci{\'e}t{\'e} Math{\'e}matique de France, S{\'e}minaires et Congres},
  volume={2},
  pages={1},
  year={1997}
}
@inproceedings{kolmogorov1957representation,
  title={On the representation of continuous functions of many variables by superposition of continuous functions of one variable and addition},
  author={Kolmogorov, Andrei Nikolaevich},
  booktitle={Doklady Akademii Nauk},
  volume={114},
  number={5},
  pages={953--956},
  year={1957},
  organization={Russian Academy of Sciences}
}
@article{cybenko1989approximation,
  title={Approximation by superpositions of a sigmoidal function},
  author={Cybenko, George},
  journal={Mathematics of control, signals and systems},
  volume={2},
  number={4},
  pages={303--314},
  year={1989},
  publisher={Springer}
}
@article{bartlett2005local,
  title={Local rademacher complexities},
  author={Bartlett, Peter L and Bousquet, Olivier and Mendelson, Shahar},
  journal={Annals of Statistics},
  pages={1497--1537},
  year={2005},
  publisher={JSTOR}
}

@article{funahashi1989approximate,
  title={On the approximate realization of continuous mappings by neural networks},
  author={Funahashi, Ken-Ichi},
  journal={Neural networks},
  volume={2},
  number={3},
  pages={183--192},
  year={1989},
  publisher={Elsevier}
}
@article{hornik1989multilayer,
  title={Multilayer feedforward networks are universal approximators},
  author={Hornik, Kurt and Stinchcombe, Maxwell and White, Halbert},
  journal={Neural networks},
  volume={2},
  number={5},
  pages={359--366},
  year={1989},
  publisher={Elsevier}
}
@article{telgarsky2015representation,
  title={Representation benefits of deep feedforward networks},
  author={Telgarsky, Matus},
  journal={arXiv preprint arXiv:1509.08101},
  year={2015}
}
@inproceedings{lu2017expressive,
  title={The expressive power of neural networks: A view from the width},
  author={Lu, Zhou and Pu, Hongming and Wang, Feicheng and Hu, Zhiqiang and Wang, Liwei},
  booktitle={Advances in Neural Information Processing Systems},
  pages={6231--6239},
  year={2017}
}