@incollection{NIPS2008_3495,
title = {Weighted Sums of Random Kitchen Sinks: Replacing minimization with randomization in learning},
author = {Ali Rahimi and Recht, Benjamin},
booktitle = {Advances in Neural Information Processing Systems 21},
editor = {D. Koller and D. Schuurmans and Y. Bengio and L. Bottou},
pages = {1313--1320},
year = {2009},
publisher = {Curran Associates, Inc.},
}
