@article{goh2017why,
  author = {Goh, Gabriel},
  title = {Why Momentum Really Works},
  journal = {Distill},
  year = {2017},
  url = {http://distill.pub/2017/momentum},
  doi = {10.23915/distill.00006}
}

@article{nesterov1998introductory,
  title={Introductory lectures on convex programming volume i: Basic course},
  author={Nesterov, Yurii},
  journal={Lecture notes},
  year={1998}
}

@article{polyak1964some,
  title={Some methods of speeding up the convergence of iteration methods},
  author={Polyak, Boris T},
  journal={USSR Computational Mathematics and Mathematical Physics},
  volume={4},
  number={5},
  pages={1--17},
  year={1964},
  publisher={No longer published by Elsevier}
}


@article{zhang2017yellowfin,
  title={Yellowfin and the art of momentum tuning},
  author={Zhang, Jian and Mitliagkas, Ioannis and R{\'e}, Christopher},
  journal={arXiv preprint arXiv:1706.03471},
  year={2017}
}

@misc{simon2012spectralradius,
  author={Foucart, Simon},
  institution={Drexel University},
  howpublished = {University Lecture},
  year = {2012},
  url = {http://www.math.drexel.edu/~foucart/ TeachingFiles/F12/M504Lect6.pdf}
  title = {Matrix Norm and Spectral Radius}
}

@misc{mitliagkas2019interesting,
	Author = {Mitliagkas, Ioannis},
	Howpublished = {Course slides},
	Title = {An Interesting Property of Polyak's Momentum},
	url = {http://mitliagkas.github.io/ift6085-2019/ift-6085-lecture-5-slides.pdf},
	Year = {2019}}
	
@article{goh2017why,
  author = {Goh, Gabriel},
  title = {Why Momentum Really Works},
  journal = {Distill},
  year = {2017},
  url = {http://distill.pub/2017/momentum},
  doi = {10.23915/distill.00006}
}