@article{2014arXiv1408.3595L,
   author = {{Lessard}, L. and {Recht}, B. and {Packard}, A.},
    title = "{Analysis and Design of Optimization Algorithms via Integral Quadratic Constraints}",
  journal = {ArXiv e-prints},
archivePrefix = "arXiv",
   eprint = {1408.3595},
 primaryClass = "math.OC",
 keywords = {Mathematics - Optimization and Control, Computer Science - Numerical Analysis, Computer Science - Systems and Control},
     year = 2014,
    month = aug,
   adsurl = {http://adsabs.harvard.edu/abs/2014arXiv1408.3595L},
  adsnote = {Provided by the SAO/NASA Astrophysics Data System}
}

@article{2015arXiv1405.4980v2,
   author = {{Bubeck}, S.},
    title = "{Convex Optimization: Algorithms and
Complexity}",
  journal = {ArXiv e-prints},
archivePrefix = "arXiv",
   eprint = {1405.4980v2},
 primaryClass = "math.OC",
 keywords = {Mathematics - Optimization and Control; Computer Science - Computational Complexity; Computer Science - Learning; Computer Science - Numerical Analysis; Statistics - Machine Learning},
     year = 2015,
    month = nov,
   adsurl = {https://ui.adsabs.harvard.edu/#abs/2014arXiv1405.4980B/abstract},
  adsnote = {Provided by the SAO/NASA Astrophysics Data System}
}

@article{Nesterov1998,
  title={Introductory Lecture on Convex Programming},
  author={Nesterov, Yurii},
  journal={ISBN},
  year={1998},
}


@book{Shalev2014,
 author = {Shalev-Shwartz, Shai and Ben-David, Shai},
 title = {Understanding Machine Learning: From Theory to Algorithms},
 year = {2014},
 publisher = {Cambridge University Press},
 address = {New York, NY, USA},
} 

@article{Sutskever2013,
  title={On the importance of initialization and momentum in deep learning},
  author={{Sutskever}, I. and {Martens}, J. and {Dahl}, G. and {Hinton}, G.},
  journal={JMLR},
  year={2013}
}