@ARTICLE{pac-bayes,
    title = "{A PAC-Bayesian Tutorial with A Dropout Bound}",
    author = {McAllester, D.},
    journal = {ArXiv e-prints},
    archivePrefix = "arXiv",
    eprint = {1307.2118},
    primaryClass = "cs.LG",
    keywords = {Computer Science - Learning},
     year = 2013,
    month = jul,
    adsurl = {http://adsabs.harvard.edu/abs/2013arXiv1307.2118M},
    adsnote = {Provided by the SAO/NASA Astrophysics Data System}
}

@article{Shalev2014,
  title={Understanding Machine Learning: From Theory to Algorithms},
  author={Shalev-Shwartz S., Ben-David S.},
  journal={Cambridge},
  year={2014},
}