@article{Langford:2005:TPP:1046920.1058111,
 author = {Langford, John},
 title = {Tutorial on Practical Prediction Theory for Classification},
 journal = {J. Mach. Learn. Res.},
 issue_date = {12/1/2005},
 volume = {6},
 month = dec,
 year = {2005},
 issn = {1532-4435},
 pages = {273--306},
 numpages = {34},
 url = {http://dl.acm.org/citation.cfm?id=1046920.1058111},
 acmid = {1058111},
 publisher = {JMLR.org},
} 
