@book{mohri2012foundations,
  title={Foundations of machine learning},
  author={Mohri, Mehryar and Rostamizadeh, Afshin and Talwalkar, Ameet},
  year={2012},
  publisher={MIT press}
}







@article{boucheron2005theory,
  title={Theory of classification: A survey of some recent advances},
  author={Boucheron, St{\'e}phane and Bousquet, Olivier and Lugosi, G{\'a}bor},
  journal={ESAIM: probability and statistics},
  volume={9},
  pages={323--375},
  year={2005},
  publisher={Cambridge Univ Press}
}

@article{bartlett2005local,
  title={Local rademacher complexities},
  author={Bartlett, Peter L and Bousquet, Olivier and Mendelson, Shahar},
  journal={Annals of Statistics},
  pages={1497--1537},
  year={2005},
  publisher={JSTOR}
}

@article{Langford:2005:TPP:1046920.1058111,
 author = {Langford, John},
 title = {Tutorial on Practical Prediction Theory for Classification},
 journal = {J. Mach. Learn. Res.},
 issue_date = {12/1/2005},
 volume = {6},
 month = dec,
 year = {2005},
 issn = {1532-4435},
 pages = {273--306},
 numpages = {34},
 url = {http://dl.acm.org/citation.cfm?id=1046920.1058111},
 acmid = {1058111},
 publisher = {JMLR.org},
} 
