@article{sutton2011reinforcement,
  title={Reinforcement learning: An introduction},
  author={Sutton, Richard S and Barto, Andrew G},
  year={2011},
  publisher={Cambridge, MA: MIT Press}
}


@inproceedings{distributional,
  title={A distributional perspective on reinforcement learning},
  author={Bellemare, Marc G and Dabney, Will and Munos, R{\'e}mi},
  booktitle={Proceedings of the 34th International Conference on Machine Learning-Volume 70},
  pages={449--458},
  year={2017},
  organization={{JMLR.org}}
}

@misc{wikipedia,
author={Wikipedia},
title={Wikipedia},
howpublished={\url{https://en.wikipedia.org/wiki/Banach_fixed-point_theorem}},
year={2019},
month={April},
day={11}
}

@article{boucheron2005theory,
  title={Theory of classification: A survey of some recent advances},
  author={Boucheron, St{\'e}phane and Bousquet, Olivier and Lugosi, G{\'a}bor},
  journal={ESAIM: probability and statistics},
  volume={9},
  pages={323--375},
  year={2005},
  publisher={Cambridge Univ Press}
}

@article{bartlett2005local,
  title={Local rademacher complexities},
  author={Bartlett, Peter L and Bousquet, Olivier and Mendelson, Shahar},
  journal={Annals of Statistics},
  pages={1497--1537},
  year={2005},
  publisher={JSTOR}
}
